2625 4242
354 361 473 422 110
818 385 893 425 or
939 386 1073 426 ‘rus
1119 387 1496 439 enoempux
1547 389 1676 430 Am>
1722 389 1854 430 rm:

344 555 471 617 quae
512 550 596 596 tot
639 550 874 618 tamque
910 522 1175 617 pulchras
1222 539 1390 598 urbes
1435 535 1694 612 habeat‚‘
1743 538 1888 599 inter
1930 559 2074 620 quas
2111 534 2310 600 Roma

342 647 403 696 et
430 636 826 718 magnitudine
856 631 912 698 et'
944 638 1191 699 nominis
1225 637 1376 700 fama
1407 643 1643 700 eminet.
2209 711 2219 718 ,

438 741 531 799 17.
594 735 743 800 Haec
804 739 955 814 urbS,
1013 738 1163 800 orbis
1227 746 1497 801 terrarum
1556 753 1755 822 caput,
1805 754 2030 821 septem
2088 754 2312 802 montes

342 839 765 921 complectitur.
888 838 1053 902 lnitio
1126 855 1369 922 quatuor
1447 855 1634 922 portas
1695 841 1988 916 habebam
2065 841 2312 923 Augusti

340 961 466 1001 aevo
496 941 721 1021 triginta
750 957 995 1024 septem.
1091 940 1260 1003 Urbis
1306 941 1789 1023 magnificentiam
1836 942 2127 1023 augebant
2176 940 2312 1018 fora,

339 1056 456 1104 tem
465 1043 577 1126 pla,
634 1047 904 1126 porticus,
956 1045 1351 1128 aquaeductuS‚
1400 1044 1642 1120 theatra,
1693 1065 1860 1106 arcus
1919 1044 2312 1127 triumphales,

342 1143 485 1204 horti
531 1144 802 1228 denique,
839 1160 897 1208 et
943 1145 997 1206 id
1043 1144 1250 1228 genus⁶
1296 1145 1428 1221 alia,
1459 1146 1530 1208 ad
1579 1166 1704 1228 quae
1755 1145 1843 1206 vel
1892 1145 2040 1208 lecta
2085 1149 2312 1208 animus

338 1258 551 1327 stupet.
641 1245 847 1319 Quare
875 1247 1032 1309 recte
1063 1247 1138 1307 de
1172 1247 1247 1310 ea
1290 1247 1596 1329 praedicare
1643 1247 1924 1323 videntur,
1955 1247 2050 1330 qui
2101 1247 2311 1309 nullius

341 1346 491 1408 urbis
537 1345 594 1408 in
639 1362 761 1410 toto
806 1348 945 1409 orbe
997 1355 1271 1410 terrarum
1323 1347 1804 1430 magnificentiam
1851 1346 1902 1408 ei
1919 1347 1940 1370 ‘
1991 1347 2310 1431 comparari

344 1469 509 1529 posse
539 1448 827 1511 dixerunt.
1693 1525 1702 1538 ,

438 1551 527 1611 [8.
587 1548 943 1612 Felicissima
1002 1549 1057 1611 in
1122 1548 1286 1612 ltalia
1347 1549 1502 1630 regio
1551 1563 1638 1610 est
1695 1546 2046 1632 Campania.
2136 1548 2310 1612 Multi

342 1649 413 1710 ibi
464 1648 593 1711 vitis
594 1650 671 1711 §ri
714 1650 915 1726 colles,
950 1649 1046 1712 ubi
1092 1651 1442 1713 nobilissima
1489 1650 1620 1711 vina
1666 1649 1994 1733 gignuntur,
2025 1650 2310 1726 Setinum,

340 1748 686 1828 Caectibum,
744 1750 1074 1826 Falernum,
1128 1751 1469 1814 Massicum.
1557 1749 1757 1838 Calidi
1810 1751 2023 1813 ibidem
2085 1750 2308 1814 fontes⁶¹

338 1851 713 1914 saluberrimi.
807 1849 1113 1936 Nusquam
1156 1851 1484 1934 generosior
1523 1852 1672 1914 olea.
1761 1851 2118 1936 Conchylio‘
2170 1875 2310 1937 quo-

340 1975 455 2035 que
484 1967 543 2014 et
576 1953 733 2036 pisce
763 1953 941 2016 nobili
971 1952 1147 2016 maria
1183 1953 1370 2015 vicina
1400 1969 1644 2016 scatent.

439 2058 528 2116 19.
592 2055 908 2118 Clarissimi
983 2077 1182 2116 amnes
1260 2054 1434 2117 ltaliae
1491 2073 1623 2117 sunt
1684 2054 1882 2118 Padus
1940 2069 2000 2116 et
2055 2053 2307 2118 Tiberis.

344 2155 423 2218 Et
456 2155 650 2218 Padus
681 2155 914 2240 quidem
960 2155 1017 2218 in
1060 2157 1354 2239 superiore
1399 2171 1580 2240 parte,
1611 2177 1738 2241 quae
1772 2155 1970 2218 Gallia
2003 2155 2310 2240 Cisalpina

343 2263 599 2324 vocatur.
630 2259 703 2318 ab
734 2256 859 2318 imis
900 2257 1185 2319 radicibus
1222 2255 1420 2319 Vesfili
1469 2257 1678 2320 montis
1722 2260 2015 2333 exoritur3
2063 2257 2308 2340 primum

302 2359 521 2434 'texilis
553 2359 762 2420 deinde
792 2359 913 2420 aliis
943 2359 1211 2421 amnibus
1241 2359 1319 2420 ita
1347 2359 1536 2436 alitur,
1569 2375 1631 2421 ut
1659 2381 1722 2421 se
1770 2381 1871 2443 per
1897 2376 2121 2442 septem
2166 2361 2309 2423 ostia

340 2465 395 2522 in
456 2482 612 2523 mare
670 2460 950 2522 effiindat.
1038 2457 1290 2535 Tiberis,
1345 2461 1439 2544 qui
1500 2459 1904 2543 antiquissimis
1955 2461 2308 2542 temporibus

343 2562 569 2623 Albu'lae
602 2585 811 2623 nomen
859 2561 1132 2635 habebat,
1164 2583 1237 2622 ex
1286 2563 1604 2644 Apennino
1645 2563 1863 2636 oritur3
1908 2561 2117 2623 deinde
2164 2563 2309 2626 duo-

340 2663 445 2724 bus
475 2679 533 2725 et
578 2663 954 2746 quadraginta
997 2660 1328 2724 fluminibus
1373 2676 1575 2726 auctus
1613 2661 1674 2724 fit
1717 2662 2076 2745 navigabilis
2167 2664 2307 2726 Plu-

340 2768 509 2826 rimas
541 2765 596 2826 in
630 2764 869 2847 utraque
908 2763 1032 2846 ripa
1081 2762 1240 2825 villas
1284 2762 1552 2846 adspicit,
1585 2763 1872 2846 praecipue
1915 2779 2110 2826 autem
2154 2766 2308 2828 urbis

343 2864 625 2928 Romanae
657 2865 1159 2948 magnificentiam.
1250 2864 1686 2926 placidissimus
1715 2864 1968 2926 amnium
2001 2865 2127 2928 raro
2157 2865 2310 2950 ripas

340 2968 645 3048 egreditur.

424 3071 527 3130 20.
574 3067 643 3129 In
673 3067 933 3132 inferiore
978 3080 1140 3150 parte
1171 3067 1348 3129 ltaliae
1377 3066 1534 3128 clara
1579 3067 1870 3150 quondam
1916 3067 2050 3129 urbs
2078 3066 2308 3131 Taren·

339 3184 481 3244 tum,
544 3191 669 3252 quae
729 3191 897 3230 maris
955 3171 1121 3244 smni,
1178 3168 1271 3230 cui
1333 3168 1579 3252 adjacet,
1631 3188 1844 3229 nomen
1887 3167 2082 3231 dedit.
2185 3169 2308 3232 Soli

340 3269 594 3333 fertilitas
621 3270 877 3352 coelique
906 3269 1169 3353 jucunda
1198 3269 1505 3351 temperies
1535 3268 1589 3330 in
1635 3269 1816 3332 causa
1844 3267 2015 3330 fuisse
2061 3269 2308 3348 videtur,

340 3386 400 3433 ut
464 3370 665 3434 incolae
732 3370 958 3432 luxuria
1020 3385 1079 3432 et
1144 3370 1362 3432 deliciis
1419 3373 1847 3432 enervarentur.
1943 3369 2308 3457 Quumque¹

926 3498 2304 3511 ——m—

465 3565 753 3629 qesta.
1112 3563 1325 3626 «ξω.
1743 3569 1764 3594 ⁶
1851 3564 2124 3628 250‚2,(2.

521 3643 971 3702 ·231,a.5‚&6.
1108 3641 1478 3705 asenam.
1744 3641 2156 3704 &sesam
