2625 4242
272 425 356 487 58
1057 447 1459 488 mnohout.

274 597 376 656 ob‘⁸
407 618 643 658 causam
696 596 1098 679 Hippomenes
1143 602 1401 659 mutatus
1445 609 1532 658 est
1575 596 1632 658 in
1678 597 1928 676 leonem,
1962 595 2231 657 Atalanta

271 693 328 756 ’m
360 699 618 758 leaenam.

357 801 462 860 22.
512 797 704 873 Nisus,
737 821 836 860 rex
887 796 1338 879 Megarensium,
1370 799 1424 860 in
1455 801 1654 881 capite
1695 798 1914 860 crinem
1962 818 2237 880 purpure-

275 923 369 960 um
417 900 682 962 habuisse
726 899 956 974 dicitur,
1002 903 1172 982 eique
1220 898 1580 982 praedictum*
1630 898 1753 974 fuit,
1798 915 1917 961 tam
1962 899 2058 961 diu
2105 921 2238 960 eum

273 1001 684 1082 regnaturum,⁶
735 1005 910 1084 quam
965 1001 1058 1061 diu
1114 1023 1248 1062 eum
1306 1001 1521 1063 crinem
1575 999 1969 1062 custodisset.⁶
2064 998 2239 1062 Hunc

277 1101 488 1175 Μίηοε,
534 1125 631 1164 rex
684 1100 1080 1176 Cretensium,
1125 1102 1300 1163 bello·
1351 1123 1651 1182 aggressus
1694 1105 1799 1162 est.
1891 1099 2014 1174 Qui
2062 1122 2239 1182 quum

275 1203 472 1268 urbem
522 1203 823 1284 Megaram
867 1203 1256 1286 oppugnaret,
1285 1201 1507 1285 Scylla,
1544 1201 1665 1264 Nisi
1710 1201 1846 1277 filia,
1876 1209 2075 1265 amore
2118 1201 2241 1286 ejus
2276 1203 2280 1208 ’

273 1319 534 1386 correpta
565 1318 671 1379 ωε,
702 1319 780 1378 et,
811 1318 874 1365 ut
912 1302 965 1365 ei
1014 1302 1310 1366 victoriam
1358 1303 1651 1386 paramus
1697 1304 1841 1386 patri
1862 1302 1887 1333 ¹
1937 1303 2239 1365 dormienti

275 1406 506 1468 fatalem
558 1404 776 1467 crinem
829 1404 1101 1487 praecidit.
1198 1403 1281 1465 lta
1347 1403 1519 1465 Nisus
1579 1426 1613 1464 a
1672 1402 1879 1466 Minoe
1940 1403 2124 1465 victus
2184 1419 2241 1466 et

273 1511 498 1569 occisus
555 1521 661 1568 est.
780 1505 984 1578 Quum
1047 1520 1243 1567 autem
1303 1503 1501 1567 Minos
1567 1505 1623 1566 in
1681 1502 1921 1566 Cretam
1981 1503 2239 1579 redIret‚'⁸

275 1608 474 1690 Scylla
526 1630 659 1669 eum
714 1606 952 1689 rogavit,
1007 1623 1066 1667 ut
1120 1629 1248 1668 eam
1301 1627 1499 1668 secum
1554 1605 1879 1667 aveheret!
1967 1604 2085 1667 Sed
2147 1605 2243 1667 ille

277 1711 506 1790 negavit
556 1707 796 1771 Cretam
851 1724 1076 1770 tantum
1129 1707 1375 1769 scelus*
1432 1729 1557 1768 esse
1608 1713 2001 1789 recepturam.⁴
2079 1699 2240 1768 Tum

276 1811 371 1872 illa
415 1831 478 1872 se
525 1811 580 1870 in
629 1831 787 1872 mare
834 1810 1174 1892 praecipitat,
1220 1830 1549 1891 navemque
1598 1810 1974 1890 persequitur.
2068 1807 2241 1870 Nisus

276 1911 330 1972 in
363 1911 618 1998 aquilam
649 1915 928 1973 marinam
963 1931 1273 1972 conversus
1319 1926 1425 1983 est,
1456 1908 1658 1992 Scylla
1688 1908 1745 1970 in
1794 1909 2035 1992 piscem,
2066 1931 2241 1992 quem

275 2011 458 2075 Cirim
491 2021 744 2074 vocant.¹
843 2010 1169 2090 Hodieque,
1199 2009 1483 2093 siquando
1512 2009 1608 2072 illa
1654 2009 1775 2072 avis
1819 2010 1977 2072 hunc
2024 2009 2241 2093 piscem

275 2115 684 2196 conspexerit,¹
751 2113 922 2176 mittit
995 2133 1061 2174 se
1117 2113 1171 2174 in
1251 2134 1485 2194 aquam,
1544 2125 1891 2194 raptumque
1951 2111 2239 2194 unguibus

275 2214 528 2278 dilaniat.

361 2318 465 2378 23.
515 2316 835 2398 Amphion,
895 2314 1058 2378 Jovis
1123 2330 1180 2376 et
1257 2313 1544 2397 Antiopes
1618 2313 1784 2388 filius,
1844 2314 1941 2396 qui
1998 2311 2243 2374 Thebas

277 2417 450 2478 muris
521 2417 725 2493 cinxit,
789 2415 1040 2490 Nioben,
1100 2415 1339 2477 Tantali
1413 2414 1607 2490 filiam,
1682 2415 1738 2476 in
1812 2413 2243 2476 matrimonium

276 2518 460 2580 duxit.
559 2517 649 2579 Ex
698 2520 814 2600 qua
862 2516 1176 2600 procreavit
1223 2515 1363 2578 filios
1407 2531 1631 2598 septem
1679 2514 2039 2598 totidemque
2080 2513 2243 2576 filias·
2280 2515 2288 2522 ’

277 2617 476 2692 Quem
540 2636 764 2702 partum
829 2617 1019 2680 Niobe
1085 2617 1321 2678 Latonae
1382 2615 1570 2678 liberis
1636 2615 1983 2699 anteposuit,
2042 2636 2245 2698 super·
2320 2645 2327 2654 ·

279 2720 556 2803 binisque*
623 2721 814 2782 locfita
873 2735 960 2782 est
1021 2721 1074 2780 in
1151 2719 1479 2801 Apollinem
1540 2733 1598 2779 et
1667 2716 1939 2779 Dianam.
2026 2715 2128 2778 Ob
2187 2715 2279 2792 id,

278 2821 496 2904 Apollo
529 2820 674 2883 filios
717 2822 840 2906 ejus
889 2836 1166 2882 venantes
1209 2819 1430 2901 sagittis
1476 2817 1779 2892 interfficit,
1812 2817 2006 2880 Diana
2050 2832 2245 2879 autem

276 2921 455 2984 filias.¹
550 2921 752 2984 Niobe,
771 2921 1000 2982 liberis*
1047 2921 1248 2982 orbata
1280 2919 1335 2980 in
1368 2941 1575 2981 saxum
1608 2925 1831 2981 mutata
1861 2940 1987 2981 aese
2016 2919 2245 2993 dicitur,

276 3023 515 3107 ejusque
577 3022 850 3106 lacrymae
899 3022 1187 3103 hodieque
1240 3026 1478 3083 manare
1536 3033 1837 3082 narrantur
1944 3018 2243 3102 Amphion

278 3139 491 3200 autem,
553 3147 730 3206 quum
807 3123 1092 3206 templum
1156 3121 1446 3205 Apollinis
1518 3126 1857 3203 expugnare
1918 3121 2112 3196 vellet,
2170 3120 2243 3182 ab

285 3225 555 3308 Apolline
583 3225 802 3308 sagittis
831 3239 921 3286 est
950 3223 1302 3286 interfectus·

704 3443 730 3464 *
761 3440 872 3488 'Phe
895 3440 1049 3488 crime
1073 3439 1148 3486 for
1169 3439 1254 3486 the
1277 3438 1522 3486 criminal.
1593 3437 1619 3500 ξ
1646 3437 1759 3499 324,
1778 3437 1825 3485 2.

339 3537 364 3560 ⁰
394 3536 419 3599 5
447 3535 657 3596 279,10,
680 3533 782 3596 (a.)
972 3533 1003 3572 t
1029 3533 1052 3596 5
1080 3533 1192 3595 sss,
1213 3532 1262 3580 2.
1738 3530 1762 3572 ι
1794 3530 1819 3594 5
1847 3530 1959 3579 260.

340 3615 361 3650 ι
389 3615 415 3678 5
443 3614 556 3675 205,
579 3613 641 3660 R.
667 3614 714 3671 s,
737 3611 840 3674 (a.)
968 3612 996 3645 e
1027 3612 1051 3674 5
1080 3611 1189 3658 224.
1739 3609 1765 3644 re
1792 3609 1818 3672 5
1845 3607 2233 3674 256,R.9‚&(a.)

340 3693 362 3718 ⁶
390 3693 416 3754 5
443 3691 555 3753 270,
578 3691 641 3739 R.
665 3691 710 3739 3.
967 3689 990 3724 a
1025 3689 1051 3752 5
1080 3689 1190 3750 145,
1213 3688 1280 3736 11.
1308 3689 1351 3736 4.
1569 3741 1572 3746 ,
1738 3687 1755 3720 ⁸
1790 3686 1817 3750 5
1844 3686 1959 3746 229,
1984 3685 2125 3748 123,
2148 3688 2187 3734 1.

339 3769 620 3832 ⁶5266,1.
907 3767 1188 3848 ‚⁶5230.
1729 3765 1947 3828 *μω

339 3847 552 3917 05mz
